<record><leader>00000cas a2200000 a 4500</leader><controlfield tag="001">33867575</controlfield><controlfield tag="008">951207d18571859nbuwr ne      0    0eng d</controlfield><datafield ind1=" " ind2=" " tag="010"><subfield code="a">sn 95073091 </subfield></datafield><datafield ind1=" " ind2=" " tag="040"><subfield code="a">NVG</subfield><subfield code="b">eng</subfield><subfield code="c">NVG</subfield><subfield code="d">OCL</subfield><subfield code="d">DLC</subfield><subfield code="d">OCLCF</subfield></datafield><datafield ind1="1" ind2=" " tag="029"><subfield code="a">AU@</subfield><subfield code="b">000012177935</subfield></datafield><datafield ind1=" " ind2=" " tag="042"><subfield code="a">msc</subfield></datafield><datafield ind1=" " ind2=" " tag="043"><subfield code="a">n-us-nb</subfield></datafield><datafield ind1="0" ind2="0" tag="050"><subfield code="a">Newspaper</subfield></datafield><datafield ind1="0" ind2="0" tag="245"><subfield code="a">Omaha times.</subfield></datafield><datafield ind1=" " ind2=" " tag="260"><subfield code="a">Omaha City, N.T. [i.e. Neb.] :</subfield><subfield code="b">W.W. Wyman,</subfield><subfield code="c">1857-1859.</subfield></datafield><datafield ind1=" " ind2=" " tag="300"><subfield code="a">2 v.</subfield></datafield><datafield ind1=" " ind2=" " tag="310"><subfield code="a">Weekly</subfield></datafield><datafield ind1="0" ind2=" " tag="362"><subfield code="a">Vol. 1, no. 3 (June 25, 1857)-v. 2, no. 32 (Mar. 24, 1859) = whole no. 3-whole no. 84.</subfield></datafield><datafield ind1=" " ind2=" " tag="580"><subfield code="a">Merged with: Omaha Nebraskian, to form: Omaha Nebraskian and Omaha times.</subfield></datafield><datafield ind1=" " ind2="0" tag="651"><subfield code="a">Omaha (Neb.)</subfield><subfield code="v">Newspapers.</subfield></datafield><datafield ind1=" " ind2="7" tag="655"><subfield code="a">Newspapers.</subfield><subfield code="2">fast</subfield><subfield code="0">(OCoLC)fst01423814</subfield></datafield><datafield ind1=" " ind2="7" tag="651"><subfield code="a">Nebraska</subfield><subfield code="z">Omaha.</subfield><subfield code="2">fast</subfield><subfield code="0">(OCoLC)fst01204995</subfield></datafield><datafield ind1=" " ind2=" " tag="752"><subfield code="a">United States</subfield><subfield code="b">Nebraska</subfield><subfield code="c">Douglas</subfield><subfield code="d">Omaha.</subfield></datafield><datafield ind1=" " ind2=" " tag="752"><subfield code="a">United States</subfield><subfield code="b">Nebraska</subfield><subfield code="c">Douglas</subfield><subfield code="d">Omaha City.</subfield></datafield><datafield ind1="0" ind2="0" tag="780"><subfield code="t">Omaha City times</subfield><subfield code="w">(DLC)sn 84020308</subfield><subfield code="w">(OCoLC)10575740</subfield></datafield><datafield ind1="1" ind2="7" tag="785"><subfield code="t">Omaha Nebraskian</subfield><subfield code="w">(DLC)sn 84020312</subfield><subfield code="w">(OCoLC)10577676</subfield></datafield><datafield ind1="1" ind2="7" tag="785"><subfield code="t">Omaha Nebraskian and Omaha times</subfield></datafield></record>